% Encoding: UTF-8

@Article{Araujo_2005,
  author    = {Maria Fátima Araújo},
  title     = {Diferença e igualdade nas relações de gênero: Revisitando o debate.},
  journal   = {Psicologia Clínica},
  year      = {2005},
  volume    = {17},
  number    = {2},
  pages     = {41--52},
  doi       = {10.1590/s0103-56652005000200004},
  publisher = {{FapUNIFESP} ({SciELO})},
}

@Article{Barbosa_2017,
  author    = {João Ilo C. Barbosa and Nazaré Costa and Ana Lúcia A. O. Ulian and Lindomário S. Lima},
  title     = {Memórias da Análise do Comportamento no Nordeste - Bahia, Ceará e Maranhão},
  journal   = {Revista Brasileira de Terapia Comportamental e Cognitiva},
  year      = {2017},
  volume    = {19},
  number    = {1},
  doi       = {10.31505/rbtcc.v19i1.950},
  publisher = {Revista Brasiliera de Terapia Comportamental e Cognitiva ({RBTCC})},
}

@Article{Camargo_2017,
  author    = {Wagner Xavier Camargo and Cláudia Samuel Kessler},
  title     = {Além do masculino/feminino: Gênero, sexualidade, tecnologia e performance no esporte sob perspectiva crítica.},
  journal   = {Horizontes Antropológicos},
  year      = {2017},
  volume    = {23},
  number    = {47},
  pages     = {191-225},
  doi       = {10.1590/s0104-71832017000100007},
  publisher = {{FapUNIFESP} ({SciELO})},
}

@Article{Costa_2006,
  author    = {Maria Conceição Costa},
  title     = {Ainda somos poucas: Exclusão e invisibilidade na ciência.},
  journal   = {Cadernos Pagu},
  year      = {2006},
  number    = {27},
  pages     = {455-459},
  doi       = {10.1590/s0104-83332006000200018},
  publisher = {{FapUNIFESP} ({SciELO})},
}

@ONLINE {couto_2012,
    author = "Aline Couto",
    title  = "História da Análise do Comportamento no Brasil.",
    month  = "feb",
    year   = "2012",
    url    = "http://www.comportese.com/2012/02/historia-da-analise-do-comportamento-no-brasil/"
}

@Article{Cruz_1969,
  author    = {Robson Nascimento Cruz},
  title     = {História e Historiografia da Ciência: considerações para pesquisa histórica em análise do comportamento},
  journal   = {Revista Brasileira de Terapia Comportamental e Cognitiva},
  year      = {1969},
  volume    = {8},
  number    = {2},
  doi       = {10.31505/rbtcc.v8i2.98},
  publisher = {Revista Brasiliera de Terapia Comportamental e Cognitiva ({RBTCC})},
}

@Online{dieese_2016,
  author = {{Departamento Intersindical de Estatística e Estudos Socioeconômicos}},
  title  = {Levantamento de informações sobre a inserção dos psicólogos no mercado de trabalho brasileiro},
  year   = {2016},
  url    = {https://www.dieese.org.br/perfildecategoria/2016/psicologosMercadoTrabalho.html},
}

@Article{Esmeraldo_2006,
  author    = {Gema Galgani Silveira Leite Esmeraldo},
  title     = {O feminismo no plural: para pensar a diversidade constitutiva das mulheres},
  journal   = {Revista Estudos Feministas},
  year      = {2006},
  volume    = {14},
  number    = {3},
  month     = {dec},
  pages     = {829--831},
  doi       = {10.1590/s0104-026x2006000300018},
  publisher = {{FapUNIFESP} ({SciELO})},
}

@Article{Ferreira_1985,
  author    = {Maria Clotilde Rossetti Ferreira},
  title     = {The Study of Behavioural Development in Brazil: Contemporary Research, Teaching and Practice},
  journal   = {International Journal of Behavioral Development},
  year      = {1985},
  volume    = {8},
  number    = {2},
  month     = {jun},
  pages     = {139--151},
  doi       = {10.1177/016502548500800202},
  publisher = {{SAGE} Publications},
}

@Article{ferreira_2004,
  author    = {Maria Cristina Ferreira},
  title     = {Sexismo hostil e benevolente: Inter-relações e diferenças de gênero.},
  journal   = {Temas em Psicologia},
  year      = {2004},
  language  = {pt},
  volume    = {12},
  pages     = {119-126},
  issn      = {1413-389X},
  publisher = {scielopepsic},
}

@Book{foucault_2003,
  author    = {Michel Foucault},
  title     = {História da Sexualidade, Volume 1: A vontade de saber.},
  year      = {2003},
  publisher = {Graal},
  location  = {Rio de Janeiro},
  address   = {Rio de Janeiro},
}

@Article{Knobloch_Westerwick_2013,
  author    = {Silvia Knobloch-Westerwick and Carroll J. Glynn and Michael Huge},
  title     = {The Matilda Effect in Science Communication},
  journal   = {Science Communication},
  year      = {2013},
  volume    = {35},
  number    = {5},
  month     = {feb},
  pages     = {603--625},
  doi       = {10.1177/1075547012472684},
  publisher = {{SAGE} Publications},
}

@Online{lee_2013,
  author = {Jane J. Lee},
  title  = {Six women scientists who were snubbed due to sexism.},
  year   = {2013},
  url    = {https://news.nationalgeographic.com/news/2013/13/130519-women-scientists-overlooked-dna-history-science/},
}

@BOOK {lerner_1986,
    author    = "Gerda Lerner",
    title     = "The Creation of Patriarchy",
    publisher = "Oxford University Press",
    year      = "1986"
}

@Article{macedo_2004,
  author    = {Goiacira Segurado Macêdo and Kátia Barbosa Macêdo},
  title     = {As relações de gênero no contexto organizacional: O discurso de homens e mulheres.},
  journal   = {Revista Psicologia Organizações e Trabalho},
  year      = {2004},
  language  = {pt},
  volume    = {4},
  pages     = {61-90},
  issn      = {1984-6657},
  publisher = {scielopepsic},
}

@Article{Matos_1998,
  author    = {Maria Amelia Matos and Ana Maria Almeida Carvalho},
  title     = {Carolina Martuscelli Bori: uma cientista brasileira},
  journal   = {Psicologia: Reflexão e Crítica},
  year      = {1998},
  volume    = {11},
  number    = {2},
  pages     = {411--420},
  doi       = {10.1590/s0102-79721998000200016},
  publisher = {{FapUNIFESP} ({SciELO})},
}

@Article{McSweeney_2000,
  author    = {Frances K. McSweeney and Patricia Donahoe and Samantha Swindell},
  title     = {Women in applied behavior analysis},
  journal   = {The Behavior Analyst},
  year      = {2000},
  volume    = {23},
  number    = {2},
  month     = {oct},
  pages     = {267--277},
  doi       = {10.1007/bf03392015},
  publisher = {Springer Nature},
}

@ARTICLE {cirino_2010,
    author  = "Rodrigo Lopes Miranda and Sérgio Dias Cirino",
    title   = "Os primeiros anos dos laboratórios de análise do comportamento no Brasil",
    journal = "Psychologia Latina",
    year    = "2010",
    volume  = "1",
    pages   = "79-87"
}

@InCollection{moraes_2012,
  author       = {Moraes, Erika},
  title        = {Ser mulher na atualidade: a representação discursiva da identidade feminina em quadros humorísticos de maitena},
  booktitle    = {Produção de identidades e processos de subjetivação em práticas discursivas},
  year         = {2012},
  publisher    = {EDUEM},
  pages        = {259-285},
  address      = {Maringá},
  organization = {Ismara Tasso and Pedro Navarro},
}

@Article{Nosik_2018,
  author    = {Melissa R. Nosik and Molli M. Luke and James E. Carr},
  title     = {Representation of women in behavior analysis: An empirical analysis.},
  journal   = {Behavior Analysis: Research and Practice},
  year      = {2018},
  volume    = {1},
  number    = {2},
  pages     = {1--9},
  doi       = {10.1037/bar0000118},
  publisher = {American Psychological Association ({APA})},
}

@Article{Ortiz_2016,
  author    = {Etiane Ortiz and Marcos Rodrigues Silva},
  title     = {O uso de abordagens da História da Ciência no ensino de biologia: Uma proposta para trabalhar a participação da cientista Rosalind Franklin na construção do modelo da dupla hélice do DNA},
  journal   = {Investigações em Ensino de Ciências},
  year      = {2016},
  volume    = {21},
  number    = {1},
  month     = {jul},
  pages     = {106},
  doi       = {10.22600/1518-8795.ienci2016v21n1p106},
  publisher = {Investigacoes em Ensino de Ciencias ({IENCI})},
}

@InCollection{reyes_2016,
  author       = {Gabriela Reyes Ormeno and Eroulths Cortiano Junior},
  title        = {A violência contra a mulher.},
  booktitle    = {Introdução à Psicologia Forense},
  year         = {2016},
  publisher    = {Juruá},
  pages        = {169--182},
  address      = {Curitiba, PR},
  organization = {Paula Inez Cunha Gomide and Sérgio Said Staut Júnior},
}

@Article{williams_2014,
  author  = {Lúcia Cavalcanti Albuquerque Williams},
  title   = {Lições de {G}ravelina: violência fatal contra a mulher},
  journal = {Revista Olhar},
  year    = {2014},
  number  = {5},
  pages   = {1-10},
}

@Conference{kamila_2016,
  author    = {Kamila Gadelha Farias and Heloísa Maria Silva Castro},
  title     = {Psicologia feminista: uma abordagem comprometida com a mudança social.},
  booktitle = {Anais do XII Colóquio Nacional Representações de Gênero e Sexualidade.},
  year      = {2016},
  address   = {Campina Grande, PA},
}

@Article{santanna_2015,
  author  = {Tatiana Camargo {Sant’anna} and MarIa Aparecida Penso},
  title   = {A violência contra a mulher na perspectiva da terapia feminista de família.},
  journal = {Nova Perspectiva Sistêmica},
  year    = {2015},
  number  = {53},
  pages   = {95-110},
}

@Article{Neves_2015,
  author    = {Sofia Neves and Carla Cunha and Helena Grangeia and Ariana Correia},
  title     = {Grupos de reflexão e ação: uma intervenção psicoterapêutica feminista com mulheres vítimas de violência na intimidade},
  journal   = {ex aequo - Revista da Associação Portuguesa de Estudos sobre as Mulheres},
  year      = {2015},
  number    = {31},
  doi       = {10.22355/exaequo.2015.31.02},
  publisher = {Associacao Portuguesa de Estudos sobre as Mulheres - {APEM}},
}

@TechReport{OMS_2014,
  author      = {{Organização Mundial da Saúde}},
  title       = {Global Status Report on violence prevention.},
  institution = {WHO},
  year        = {2014},
  address     = {Geneva},
}

@Article{Fideles_2014,
  author    = {Marcela N. D. Fideles and Luc Vandenberghe},
  title     = {Psicoterapia Analítica Funcional Feminista: Possibilidades de Um Encontro},
  journal   = {Psicologia - Teoria e Prática},
  year      = {2014},
  volume    = {16},
  number    = {3},
  month     = {dec},
  pages     = {18--29},
  doi       = {10.15348/1980-6906/psicologia.v16n3p18-29},
  publisher = {{GN}1 Genesis Network},
}

@Article{Dias_2012,
  author    = {Ana Rita Conde Dias and Carla Machado},
  title     = {Gênero e violência conjugal – Uma relação cultural.},
  journal   = {Análise Psicológica},
  year      = {2012},
  volume    = {26},
  number    = {4},
  month     = {dec},
  pages     = {571--586},
  doi       = {10.14417/ap.516},
  publisher = {{ISPA} - Instituto Universitario},
}

@Book{waiselfisz_2012,
  author    = {Julio Jacobo Waiselfisz},
  title     = {Mapa da Violência 2012: Homicídio de Mulheres no Brasil},
  year      = {2012},
  publisher = {Flacso Brasil},
  address   = {Rio de Janeiro},
}

@InCollection{Terry_2010,
  author    = {Christeine Terry and Madelon Y. Bolling and Maria R. Ruiz and Keri Brown},
  title     = {{FAP} and Feminist Therapies : Confronting Power and Privilege in Therapy},
  booktitle = {The Practice of Functional Analytic Psychotherapy},
  year      = {2010},
  publisher = {Springer New York},
  pages     = {97--122},
  doi       = {10.1007/978-1-4419-5830-3_7},
}

@Article{Cortez_2008,
  author    = {Mirian Béccheri Cortez and Lídio de Souza},
  title     = {Mulheres (in)Subordinadas: o Empoderamento Feminino e suas Repercussões nas Ocorrências de Violência Conjugal.},
  journal   = {Psicologia: Teoria e Pesquisa},
  year      = {2008},
  volume    = {24},
  number    = {2},
  month     = {jun},
  pages     = {171--180},
  doi       = {10.1590/s0102-37722008000200006},
  publisher = {{FapUNIFESP} ({SciELO})},
}

@Article{Narvaz_2007,
  author    = {Martha Giudice Narvaz and Sílvia Helena Koller},
  title     = {Feminismo e terapia: A terapia feminista da família - Por uma psicologia comprometida.},
  journal   = {Psicologia Clínica},
  year      = {2007},
  volume    = {19},
  number    = {2},
  month     = {dec},
  pages     = {117--131},
  doi       = {10.1590/s0103-56652007000200009},
  publisher = {{FapUNIFESP} ({SciELO})},
}

@Article{Narvaz_2006,
  author    = {Martha Giudice Narvaz and Sílvia Helena Koller},
  title     = {Metodologias feministas e estudos de gênero: articulando pesquisa, clínica e política.},
  journal   = {Psicologia em Estudo},
  year      = {2006},
  volume    = {11},
  number    = {3},
  month     = {dec},
  pages     = {647--654},
  doi       = {10.1590/s1413-73722006000300021},
  publisher = {{FapUNIFESP} ({SciELO})},
}

@Article{Bell_2006,
  author    = {Kathryn M. Bell and Amy E. Naugle},
  title     = {Understanding Stay/Leave Decisions in Violent Relationships: A Behavior Analytic Approach},
  journal   = {Behavior and Social Issues},
  year      = {2006},
  volume    = {14},
  number    = {1},
  month     = {mar},
  pages     = {21},
  doi       = {10.5210/bsi.v14i1.119},
  publisher = {University of Illinois Libraries},
}

@Article{Neves_2003,
  author    = {Sofia Neves and Conceição Nogueira},
  title     = {A psicologia feminista e a violência contra as mulheres na intimidade: a (re)construção dos espaços terapêuticos},
  journal   = {Psicologia \& Sociedade},
  year      = {2003},
  volume    = {15},
  number    = {2},
  month     = {dec},
  pages     = {43--64},
  doi       = {10.1590/s0102-71822003000200004},
  publisher = {{FapUNIFESP} ({SciELO})},
}

@Article{Perone_2003,
  author    = {Michael Perone},
  title     = {Negative effects of positive reinforcement},
  journal   = {The Behavior Analyst},
  year      = {2003},
  volume    = {26},
  number    = {1},
  month     = {apr},
  pages     = {1--14},
  doi       = {10.1007/bf03392064},
  publisher = {Springer Nature},
}

@Article{Day_2003,
  author    = {Vivian Peres Day and Lisieux Elaine Borba Telles and Pedro Henrique Zoratto and Maria Regina Fay Azambuja and Denise Arlete Machado and Marisa Braz Silveira and Moema Debiaggi and Maria Graça Reis and Rogério Göettert Cardoso and Paulo Blank},
  title     = {Violência Doméstica e suas diferentes manifestações},
  journal   = {Revista de Psiquiatria do Rio Grande do Sul},
  year      = {2003},
  volume    = {25},
  number    = {suppl 1},
  month     = {apr},
  pages     = {9--21},
  doi       = {10.1590/s0101-81082003000400003},
  publisher = {{FapUNIFESP} ({SciELO})},
}

@Book{Hays_2001,
  author    = {Pamela A. Hays},
  title     = {Addressing cultural complexities in practice: A framework for clinicians and counselors.},
  year      = {2001},
  publisher = {American Psychological Association},
  doi       = {10.1037/10411-000},
}

@InCollection{guilhardi_2001,
  author       = {Lúcia Cavalcanti Albuquerque Williams},
  title        = {Violência doméstica: há o que fazer?},
  booktitle    = {Sobre Comportamento e Cognição},
  year         = {2001},
  publisher    = {Esetec},
  pages        = {1-12},
  organization = {Hélio José Guilhardi and Maria Beatriz Barbosa Pinho Madi and Patrícia Piazzon Queiroz and Maria Carolina Scoz},
}

@Book{sheila_2014,
  author    = {Sheila Giardini Murta and Carlos Eduardo Paes Landim Ramos and Thauana Nayara Gomes Tavares and Eudes Diógenes Alves Cangussú and Marina Silva Ferreira da Costa},
  title     = {Libertando-se de namoros violentos. Um guia sobre o abandono de relações amorosas abusivas.},
  year      = {2014},
  publisher = {Sinopsys},
  address   = {Novo Hamburgo, Brasil},
}

@Article{article,
  author  = {John Addae},
  title   = {Effect of microfinance on women's empowerment: a review of the literature},
  journal = {Africa Development and Resources Research Institute (ADRRI) journal},
  year    = {2015},
  volume  = {13},
  month   = {11},
  pages   = {1--15},
}

@Article{amorim_2015,
  author  = {Érika Oliveira Amorim and Ana Louise Carvalho Fiúza and Neide Maria Almeida Pinto},
  title   = {Mulher e trabalho no meio rural: Como alcançar o empoderamento?},
  journal = {Caderno Espaço Feminino},
  year    = {2015},
  volume  = {28},
  pages   = {195--213},
}

@Article{baquero_2012,
  author  = {Rute Vivian Angelo Baquero},
  title   = {Empoderamento: Instrumento de emancipação social?},
  journal = {Revista Debates},
  year    = {2012},
  volume  = {6},
  pages   = {173--187},
}

@Article{Blair2011,
  author    = {Blair and Fredlund and Hauman and Hurford and Kastner and Witte},
  title     = {Cyberfeminists at Play: Lessons on Literacy and Activism from a Girls{\textquotesingle} Computer Camp},
  journal   = {Feminist Teacher},
  year      = {2011},
  volume    = {22},
  number    = {1},
  pages     = {43},
  doi       = {10.5406/femteacher.22.1.0043},
  publisher = {University of Illinois Press},
}

@Article{Bowman2013,
  author    = {Christin P. Bowman},
  title     = {Women's Masturbation},
  journal   = {Psychology of Women Quarterly},
  year      = {2013},
  volume    = {38},
  number    = {3},
  month     = {dec},
  pages     = {363--378},
  doi       = {10.1177/0361684313514855},
  publisher = {{SAGE} Publications},
}

@Article{Carvalho_2007,
  author    = {Marcus Bentes Carvalho Neto and Ana Carolina Pereira Alves and Marcelo Quintino Galvão Baptista},
  title     = {A “consciência” como um suposto antídoto para a violência.},
  journal   = {Revista Brasileira de Terapia Comportamental e Cognitiva},
  year      = {2007},
  volume    = {9},
  number    = {1},
  month     = {dec},
  pages     = {27--44},
  doi       = {10.31505/rbtcc.v9i1.144},
  publisher = {Revista Brasiliera de Terapia Comportamental e Cognitiva ({RBTCC})},
}

@MastersThesis{couto_2017,
  author      = {Aline Guimarães Couto},
  title       = {Uma análise behaviorista radical da discussão feminista sobre o empoderamento da mulher},
  institution = {Universidade Federal do Paraná – UFPR},
  year        = {2017},
  location    = {Curitiba, PR, Brasil},
}

@Article{Crawford2008,
  author    = {Mary Crawford and Gregory Kerwin and Alka Gurung and Deepti Khati and Pinky Jha and Anjana Chalise Regmi},
  title     = {Globalizing Beauty: Attitudes toward Beauty Pageants among Nepali Women},
  journal   = {Feminism \& Psychology},
  year      = {2008},
  volume    = {18},
  number    = {1},
  month     = {feb},
  pages     = {61--86},
  doi       = {10.1177/0959353507084953},
  publisher = {{SAGE} Publications},
}

@InCollection{Doetsch-Kidder2012,
  author        = {Sharon Doetsch-Kidder},
  title         = {Loving Criticism: A Spiritual Philosophy of Social Change},
  booktitle     = {Social Change and Intersectional Activism},
  year          = {2012},
  publisher     = {Palgrave Macmillan {US}},
  pages         = {21--47},
  doi           = {10.1057/9781137100979_2},
  __markedentry = {[magal:2]},
}

@Article{Galie2013,
  author    = {Alessandra Galié},
  title     = {Empowering Women Farmers: The Case of Participatory Plant Breeding in Ten Syrian Households},
  journal   = {Frontiers: A Journal of Women Studies},
  year      = {2013},
  volume    = {34},
  number    = {1},
  pages     = {58--92},
  doi       = {10.5250/fronjwomestud.34.1.0058},
  publisher = {University of Nebraska Press},
}

@Article{Gill2008,
  author    = {Rosalind Gill},
  title     = {Empowerment/Sexism: Figuring Female Sexual Agency in Contemporary Advertising},
  journal   = {Feminism {\&} Psychology},
  year      = {2008},
  volume    = {18},
  number    = {1},
  month     = {feb},
  pages     = {35--60},
  doi       = {10.1177/0959353507084950},
  publisher = {{SAGE} Publications},
}

@Article{Godbee2013,
  author    = {Beth Godbee and Julia C. Novotny},
  title     = {Asserting the Right to Belong: Feminist Co-Mentoring among Graduate Student Women},
  journal   = {Feminist Teacher},
  year      = {2013},
  volume    = {23},
  number    = {3},
  pages     = {177},
  doi       = {10.5406/femteacher.23.3.0177},
  publisher = {University of Illinois Press},
}

@Article{Gulbrandsen2012,
  author    = {Cari L. Gulbrandsen and Christine A. Walsh},
  title     = {It Starts With Me},
  journal   = {Affilia},
  year      = {2012},
  subtitle  = {Women Mediate Power Within Feminist Activism },
  volume    = {27},
  number    = {3},
  month     = {jul},
  pages     = {275--288},
  doi       = {10.1177/0886109912452640},
  publisher = {{SAGE} Publications},
}

@Article{Hung2012,
  author    = {Suet Lin Hung},
  title     = {An Empowerment Model on Reconstituting the Meanings of Divorce},
  journal   = {Affilia},
  year      = {2012},
  volume    = {27},
  number    = {3},
  month     = {jul},
  pages     = {289--299},
  doi       = {10.1177/0886109912452641},
  publisher = {{SAGE} Publications},
}

@Article{Kim2012,
  author    = {Seon Mi Kim},
  title     = {Evaluations of Women-Centered U.S. Microenterprise Development Programs},
  journal   = {Affilia},
  year      = {2012},
  volume    = {27},
  number    = {1},
  month     = {feb},
  pages     = {71--83},
  doi       = {10.1177/0886109912437491},
  publisher = {{SAGE} Publications},
}

@Article{Krenz2013,
  author    = {Kristin Krenz and Dorie J. Gilbert and Gokul Mandayam},
  title     = {Exploring Women's Empowerment Through ''Credit-Plus´´ Microfinance in India},
  journal   = {Affilia},
  year      = {2013},
  volume    = {29},
  number    = {3},
  month     = {dec},
  pages     = {310--325},
  doi       = {10.1177/0886109913516453},
  publisher = {{SAGE} Publications},
}

@Article{martins_2006,
  author  = {Mirian Teresa Sá Leitão Martins},
  title   = {Apesar de... demos a volta por cima: Um estudo sobre o empoderamento de mulheres idosas},
  journal = {Revista Ártemis},
  year    = {2006},
  issue   = {4},
}

@Article{Lewinson2014,
  author    = {Terri Lewinson and M. Lori Thomas and Shaneureka White},
  title     = {Traumatic Transitions},
  journal   = {Affilia},
  year      = {2014},
  volume    = {29},
  number    = {2},
  month     = {jan},
  pages     = {192--205},
  doi       = {10.1177/0886109913516449},
  publisher = {{SAGE} Publications},
}

@Article{Lieu2013,
  author    = {Nhi T. Lieu},
  title     = {Beauty Queens Behaving Badly: Gender, Global Competition, and the Making of Post-Refugee Neoliberal Vietnamese Subjects},
  journal   = {Frontiers: A Journal of Women Studies},
  year      = {2013},
  volume    = {34},
  number    = {1},
  pages     = {25--57},
  doi       = {10.5250/fronjwomestud.34.1.0025},
  publisher = {University of Nebraska Press},
}

@Article{Maneschy2012,
  author    = {Maria Cristina Maneschy and Deis Siqueira and Maria Luzia Miranda Álvares},
  title     = {Pescadoras: subordinação de gênero e empoderamento},
  journal   = {Revista Estudos Feministas},
  year      = {2012},
  volume    = {20},
  number    = {3},
  month     = {dec},
  pages     = {713--737},
  doi       = {10.1590/s0104-026x2012000300007},
  publisher = {{FapUNIFESP} ({SciELO})},
}

@Article{mariano_2008,
  author  = {Silvana Aparecida Mariano},
  title   = {Traduções político-culturais de gênero na política de assistência social: Paradoxos e potencialidades para o empoderamento das mulheres no programa Bolsa Família.},
  journal = {Revista Gênero},
  year    = {2008},
  issue   = {9},
  pages   = {155--187},
}

@Article{Medved2010,
  author    = {Caryn E. Medved},
  title     = {Constructing Breadwinning-Mother Identities: Moral, Personal, and Political Positioning},
  journal   = {{WSQ}: Women's Studies Quarterly},
  year      = {2010},
  volume    = {37},
  number    = {2},
  pages     = {140--156},
  doi       = {10.1353/wsq.0.0194},
  publisher = {Johns Hopkins University Press},
}

@Article{mayoux_1999,
  author  = {Linda Mayoux},
  title   = {From Access to Empowerment: Gender Issues in Micro-Finance},
  journal = {CSD NGO Women’s Caucus Position Paper for CSD-8},
  year    = {1999},
  url     = {http://www.earthsummit2002.org/wcaucus/Caucus%20Position%20Papers/micro- finance.pdf},
}

@Article{melo_2011,
  author  = {Hildete Pereira Melo},
  title   = {Uma avaliação do desempenho brasileiro no Global Gender Gap Index do Fórum Econômico Mundial},
  journal = {Caderno Espaço Feminino},
  year    = {2011},
  issue   = {24},
  pages   = {537--552},
}

@Article{Nasrabadi2014,
  author    = {Manijeh Nasrabadi},
  title     = {{\textquotedblleft}Women Can Do Anything Men Can Do{\textquotedblright}: Gender and the Affects of Solidarity in the U.S. Iranian Student Movement, 1961{\textendash}1979},
  journal   = {{WSQ}: Women{\textquotesingle}s Studies Quarterly},
  year      = {2014},
  volume    = {42},
  number    = {3-4},
  pages     = {127--145},
  doi       = {10.1353/wsq.2014.0046},
  publisher = {Johns Hopkins University Press},
}

@Article{Norwood2014,
  author       = {Carolette Norwood},
  title        = {Women's Empowerment and Microcredit: A Case Study from Rural Ghana.},
  journal      = {Journal of international studies and development},
  year         = {2014},
  volume       = {4},
  pages        = {1--22},
  issn         = {2156-731X},
  country      = {United States},
  issn-linking = {2156-731X},
  mid          = {NIHMS636961},
  nlm-id       = {101646500},
  owner        = {NLM},
  pmc          = {PMC4513662},
  pmid         = {26213637},
  pubmodel     = {Print},
  pubstatus    = {ppublish},
  revised      = {2017-02-20},
  season       = {Spring},
}

@Article{SHIRINM.2007,
  author    = {Shirin M. Rai},
  title     = {Deliberative Democracy and the Politics of Redistribution: The Case of the Indian Panchayats},
  journal   = {Hypatia},
  year      = {2007},
  volume    = {22},
  number    = {4},
  month     = {nov},
  pages     = {64--80},
  doi       = {10.1111/j.1527-2001.2007.tb01320.x},
  publisher = {Wiley},
}

@Thesis{dittrich2016,
  author      = {Eduardo Silva Ricetti and Alexandre Dittrich},
  title       = {Definições de contracontrole identificadas na Análise do Comportamento e suas consequências para a análise de fenômenos sociais.},
  institution = {Universidade Federal do Paraná – UFPR},
  year        = {2016},
  location    = {Curitiba, PR, Brasil},
}

@InCollection{Riger2002,
  author    = {Stephanie Riger},
  title     = {What's Wrong with Empowerment},
  booktitle = {A Quarter Century of Community Psychology},
  year      = {2002},
  publisher = {Springer {US}},
  pages     = {395--408},
  doi       = {10.1007/978-1-4419-8646-7_19},
}

@Article{Ruiz1998,
  author    = {Maria R. Ruiz},
  title     = {Personal agency in feminist theory: Evicting the illusive dweller},
  journal   = {The Behavior Analyst},
  year      = {1998},
  volume    = {21},
  number    = {2},
  month     = {oct},
  pages     = {179--192},
  doi       = {10.1007/bf03391962},
  publisher = {Springer Nature},
}

@Article{Ruiz1998a,
  author    = {Maria R. Ruiz},
  title     = {Women and Welfare Reform: How Well Can We Fare Without Education?},
  journal   = {Behavior and Social Issues},
  year      = {1998},
  volume    = {8},
  number    = {2},
  month     = {dec},
  doi       = {10.5210/bsi.v8i2.327},
  publisher = {University of Illinois Libraries},
}

@Article{Sa2016,
  author    = {Celso Pereira Sá},
  title     = {J. G. Holland, contracontrole social e socializa{\c{c}}{\~{a}}o do behaviorismo radical},
  journal   = {Revista Brasileira de Terapia Comportamental e Cognitiva},
  year      = {2016},
  volume    = {18},
  month     = {jul},
  doi       = {10.31505/rbtcc.v18i0.844},
  publisher = {Revista Brasiliera de Terapia Comportamental e Cognitiva ({RBTCC})},
}

@Article{Sardenberg2016,
  author    = {Cecilia Sardenberg},
  title     = {Liberal vs. Liberating Empowerment: A Latin American Feminist Perspective on Conceptualising Women{\textquotesingle}s Empowerment},
  journal   = {{IDS} Bulletin},
  year      = {2016},
  volume    = {47},
  number    = {2},
  month     = {mar},
  doi       = {10.19088/1968-2016.115},
  publisher = {Institute of Development Studies},
}

@Online{Sardenberg_2012,
  author = {Cecília Maria Bacellar Sardenberg},
  title  = {Conceituando “empoderamento” na perspectiva feminista. (Comunicação oral, I Seminário Internacional: Trilhas do Empoderamento de Mulheres – Projeto TEMPO – 2006)},
  year   = {2012},
  url    = { http://repositorio.ufba.br/ri/handle/ri/6848},
}

@Book{Shienbinger_2001,
  author    = {Londa Shienbinger},
  title     = {O Feminismo Mudou A Ciencia},
  year      = {2001},
  publisher = {ADUSC},
  location  = {Bauru},
}

@Article{Showden2009,
  author    = {Carisa R. Showden},
  title     = {What's Political about the New Feminisms?},
  journal   = {Frontiers: A Journal of Women Studies},
  year      = {2009},
  volume    = {30},
  number    = {2},
  pages     = {166--198},
  doi       = {10.1353/fro.0.0056},
  publisher = {{JSTOR}},
}

@Book{skinner1957,
  author    = {Burrhus Frederic Skinner},
  title     = {Verbal behavior},
  year      = {1957},
  publisher = {Appleton-Century-Crofts},
  location  = {New York},
}

@Book{skinner1953,
  author    = {Burrhus Frederic Skinner},
  title     = {Science and human behavior.},
  year      = {1953},
  publisher = {The B. F. Skinner Foundation},
  location  = {Cambridge},
}

@Book{skinner1971,
  author    = {Burrhus Frederic Skinner},
  title     = {Beyond freedom and dignity.},
  year      = {1971},
  publisher = {Penguin Books},
  location  = {Middlesex, UK},
}

@Book{skinner1974,
  author    = {Burrhus Frederic Skinner},
  title     = {About behaviorism.},
  date      = {1974},
  publisher = {Penguin Books},
  location  = {New York},
}

@Book{skinner_1976,
  author    = {Burrhus Frederic Skinner},
  title     = {Walden Two},
  year      = {1976},
  publisher = {Hackett Publishing},
  location  = {Cambridge},
}

@Article{Rossi1965,
  author  = {A. S. Rossi},
  title   = {Women in Science: Why So Few?: Social and psychological influences restrict women's choice and pursuit of careers in science},
  journal = {Science},
  year    = {1965},
  volume  = {148},
  pages   = {1196-1202},
  issn    = {0036-8075},
  doi     = {10.1126/science.148.3674.1196},
}

@Electronic{onu_2005,
  author = {{Organização das Nações Unidas}},
  title  = {Minimum Set of Gender Indicators},
  year   = {2015},
  url    = {http://genderstats.un.org/},
}

@Article{Souza2008,
  author    = {Maria Celeste Reis Fernandes Souza and Maria Conceição Ferreira Reis Fonseca},
  title     = {Mulheres, homens e matemática: uma leitura a partir dos dados do Indicador Nacional de Alfabetismo Funcional},
  journal   = {Educação e Pesquisa},
  year      = {2008},
  volume    = {34},
  number    = {3},
  month     = {dec},
  pages     = {511--526},
  doi       = {10.1590/s1517-97022008000300007},
  publisher = {{FapUNIFESP} ({SciELO})},
}

@Article{dailva2015,
  author    = {Wellington Amâncio Da Silva},
  title     = {Foucault e indigenciação: As formas de silenciamento e invisibilização dos sujeitos.},
  journal   = {Problemata},
  year      = {2015},
  volume    = {6},
  number    = {3},
  pages     = {111--128},
  doi       = {10.7443/problemata.v6i3.24016},
  publisher = {Problemata: International Journal of Philosophy},
}

@Comment{jabref-meta: databaseType:biblatex;}
